4160 3151
535.0 138.0 1515.0 98.0 ⟦      ⟧ pour marquer que le signe de p. ou q premier

527.0 196.0 1534.0 132.0 ou second de la 4me equation depend en quelque façon du signe de

538.0 259.0 1515.0 121.0 K, ou l, qui est le deuxiesme de la 3me equation. Et

530.0 329.0 1548.0 120.0 enfin je trouve bon de fermer les parentheses par en haut pour

541.0 409.0 1519.0 107.0 les discerner de quelques autres parentheses dont on peut avoir

542.0 474.0 1518.0 100.0 besoin. On voit par la l'advantage assez considerable

535.0 535.0 1539.0 114.0 de cette façon des signes sur la premiere qui est de n'estre pas

532.0 605.0 1533.0 117.0 obligé d'en faire des nouveaux qui sont quelques fois fort

535.0 672.0 1474.0 121.0 composés, et ennuyeux: mais en recompense il faut bien

539.0 749.0 1542.0 94.0 souvent recourir à la liste generale, ou table des Ambiguitez

546.0 822.0 1535.0 88.0 pour avoir leur explication au bout du conte, et pour essayer

546.0 877.0 1536.0 115.0 mesme pendant l'operation si plusieurs signes correspondants joints

546.0 934.0 1413.0 132.0 ensemble ne se destruisent peut estre, ou s'expliquent

537.0 1017.0 1514.0 112.0 mutuellement comme cela arrive quelques fois au lieu

530.0 1071.0 1539.0 139.0 que les autres se déchiffrent eux mesmes, à la premiere veüe

572.0 1157.0 1518.0 105.0 Le meilleur est, pour ceux qui comprennent assez l'interieur

537.0 1211.0 1493.0 119.0 de cetle methode, de se servir de l'une ou de l'autre, & de les

546.0 1260.0 1552.0 155.0 joindre mesme selon le besoin, & la commodité de l'operation

563.0 1335.0 1517.0 154.0 les autres se garantiront du danger de faulter & de la peine

567.0 1409.0 1511.0 143.0 de rever en se servant tousjours, de la derniere, puisqu'on

570.0 1473.0 1513.0 163.0 y decouvre d'abord, aussy bien que dans la premiere, quels

555.0 1545.0 1521.0 139.0 signes sont correspondents, quoyque elle n'explique pas la maniere

551.0 1612.0 1509.0 133.0 dde cette correspondence: outre que la derniere est plus

562.0 1673.0 1519.0 131.0 commode pour les traitez qui doivent estre imprimer, car

569.0 1730.0 1500.0 165.0 l'on n'est pas obligé à faire graver des nouveaux

558.0 1862.0 320.0 82.0 caracteres.

464.0 1851.0 1637.0 176.0 20 J'ay divisé nos caracteres ambigus au commencement en signes

572.0 1943.0 1521.0 115.0 & lettres C'est asseé parlé des signes ce me semble, & les preceptes

559.0 1998.0 1536.0 152.0 de l'operation aussy bien, que les exemples acheveront d'éclaircir

577.0 2062.0 1518.0 164.0 les restes de l'obscurité. Les lettres en fait de l'analyse ⟦  ⟧

576.0 2154.0 1514.0 126.0 peuvent signifier tousjours une ligne: si mesme il s'agiroit

562.0 2218.0 1536.0 142.0 de nombres, puisqure lu nombres se representent par les divisions

559.0 2281.0 1502.0 147.0 du continu en parties egales: & s'il arrive qu'une ligne

567.0 2365.0 1513.0 140.0 est dite egale à un rectangle, ou une lettre au produit

590.0 2442.0 1505.0 141.0 de deux, ou plusieurs, il faut concevoir que la partie defective

576.0 2536.0 1514.0 130.0 de l'equation est multipliée par autant de dimensions

1717.0 2656.0 319.0 121.0 de l'unité

68.0 1892.0 128.0 72.0 XX.

52.0 1946.0 331.0 95.0 lettres ambigues

50.0 2007.0 328.0 90.0 pour exprimer les

56.0 2067.0 145.0 54.0 lignes

2442.0 42.0 977.0 117.0 De la Methode de l'Unuversalité.

2269.0 152.0 1339.0 157.0 La Methode de l'universalité, nous enseigne de trouver

2279.0 271.0 1278.0 98.0 par une seule operation, des formules analytiques et des

2262.0 337.0 1309.0 112.0 constructions Geometriques generales pour des sujets ou cas

2265.0 400.0 1332.0 126.0 differens dont chacun sans cela auroit besoin d'une analyse

2276.0 481.0 1299.0 107.0 ou synthese particuliere. On peut juger par là que son

2283.0 554.0 1318.0 107.0 usage s'étend aussi loin que l'Algebre ou Analyse, &

2283.0 628.0 1311.0 105.0 qu'elle se repand par toutes les parties des mathematiques

2276.0 703.0 1341.0 90.0 pures ou mixtes. Car il arrive tous les jours, qu'un mesme

2269.0 764.0 1246.0 81.0 probleme ⟦soit⟧ est de plusieurs cas dont la multitude

2286.0 826.0 1339.0 86.0 embarrasse beaucoup, & nous oblige à des changemens

2284.0 889.0 1280.0 94.0 inutiles & à des repetitions ennuyeuses dont cette

2279.0 955.0 940.0 111.0 methode nous garantira à l'avenir.

2177.0 1026.0 1507.0 116.0 2. Or comme toutes les propositions des Sciences Matlematiques

2261.0 1105.0 1381.0 97.0 mixtes peuvent estre purgées de la matiere par une reduction

2261.0 1163.0 1355.0 113.0 à la pure Geometrie; il suffira d'en monstrer l'usage dans la

2263.0 1242.0 1482.0 90.0 Geometrie: ce qui revient à deux points; Sçavoir: Premierement

2261.0 1302.0 1373.0 105.0 à la Reduction de plusieurs Cas differens à une seule formule,

2263.0 1375.0 1305.0 81.0 regle, equation ou construction: & en second lieu à la

2253.0 1437.0 1327.0 94.0 Reduction des figures differentes ⟦en⟧ a une harmonie; pour en

2258.0 1500.0 1332.0 77.0 demonstrer ou resoudre universellement quantité de

2242.0 1551.0 1350.0 100.0 problemes, ou theoremes; Le premier point diminue

2258.0 1629.0 1304.0 86.0 la peine, l'autre augmente la science, & donne des

2234.0 1675.0 1408.0 123.0 lumieres considerables. Car si avec le temps la Geometrie

2204.0 1771.0 1432.0 91.0 des infinis pouvoit estre rendue un peu plus susceptible

2251.0 1838.0 1418.0 98.0 de l'Analyse, en sorte que les problemes des quadratures

2262.0 1911.0 1320.0 93.0 des Centres, & des Dimensions des courbes se puissent

3398.0 1887.0 192.0 63.0 peussent

2269.0 1981.0 1337.0 93.0 resoudre par des equations: comme il ya lieu d'esperer

2262.0 2048.0 1344.0 91.0 quoyque Mr Des Cartes n'ait pas osé y asurer, on

2270.0 2111.0 1355.0 94.0 tireroit un grand avantage de l'Harmonie des figures

2281.0 2177.0 1332.0 96.0 pour trouver la quadrature des unes aussy bien que

2304.0 2249.0 311.0 80.0 des autres.

2187.0 2258.0 1434.0 157.0 3. Il est vray que M⟦e⟧ssieurs des Argues & Pascal ⟦ont⟧

2211.0 2365.0 1430.0 120.0 ont cru ⟦de⟧ pouvoir reduire les sections Coniques en

2291.0 2429.0 1450.0 125.0 Harmonie: mais outre que leur methode est bornée

2318.0 2505.0 1336.0 103.0 & ne depend que des proprietez particulieres des Coniques

2316.0 2582.0 1376.0 119.0 elle est aussy extremement embarassante, parce qu'il faut

3713.0 204.0 369.0 104.0 I. Ce que c'est que la

3697.0 281.0 359.0 67.0 methode. de

3680.0 337.0 423.0 81.0 l'Universalité, & son

3675.0 397.0 169.0 77.0 usage.

3729.0 1026.0 396.0 124.0 II. Reduction des figures

3724.0 1118.0 409.0 108.0 differentes en Harmonie

3682.0 2294.0 346.0 90.0 III Par une methode

3678.0 2357.0 438.0 78.0 analytique, au lieu de

3689.0 2412.0 425.0 72.0 , la synthetique

535.0 2.0 1479.0 171.0 ⟦                                       ⟧
