4164 3165
562.0 73.0 1493.0 119.0 tousjours demeurer dans le solide, & bander l'esprit par une forte

567.0 156.0 1479.0 98.0 imagination du Cone. Je croy mesme qu'on auroit bien de la peine

562.0 219.0 1483.0 90.0 à resoudre universellement par ce moyen des problemes difficiles

559.0 269.0 1501.0 116.0 à moins qu'on ne les ait desja trouvés par hazard a priori, par le

564.0 337.0 1467.0 119.0 moyen d'un theoreme demonstré ailleurs. Au lieu qu'il n'y

564.0 416.0 1514.0 100.0 a rien qui puisse échapper à nostre methode, qui a cela de commun

555.0 474.0 1511.0 104.0 avec les autres parties de l'Analyse qu'elle espargne l'esprit & I'

559.0 538.0 1185.0 105.0 imagination, dont il faut sur tout menager l'usage.

490.0 596.0 1531.0 124.0 4. C'est le but principal de cette grande science, que j'ay accoustumé

559.0 664.0 1473.0 116.0 d'appeller Caracteristique, dont ce que nous appellons l'Algebre, ou

559.0 738.0 1491.0 107.0 Analyse, n'est qu'une branche fort petite: puisque c'est elle qui donne

564.0 796.0 1519.0 135.0 les paroles aux langues, les lettres aux paroles, les chiffres à l'Arithmetique,

564.0 867.0 1475.0 119.0 les notes à la Musique: c'est elle qui nous apprend le secret de fixer

559.0 935.0 1498.0 118.0 le raisonnement, & de l'obliger à laisser comme des traces visibles sur

559.0 991.0 1478.0 129.0 le papier en petit volume, pour estre examiné à loisir: C'est

562.0 1067.0 1461.0 116.0 enfin elle qui nous fait raisonner à peu de frais en mettant des

545.0 1144.0 1470.0 125.0 Cacacteres à la place des choses, pour desembarasser l'imagination

477.0 1231.0 1583.0 129.0 5. Mais quoyque il semble que les caracteres soient arbitraires, il y a pourtant

564.0 1316.0 1483.0 113.0 bien des regles à observer pour rendre les caracteres propres à l'usage.

612.0 1384.0 1417.0 119.0 Par exemple M. Schoten, & autres se servent d'un certain

525.0 1453.0 1522.0 121.0 Caractere, pour marquer la difference entre deux grandeurs, comme

562.0 1535.0 1502.0 93.0 a = b c'est à dire a - b, ou b - a. mais il est aisé de faire voir

555.0 1601.0 1509.0 108.0 que ce Caractere est contre les regles de la Caracteristique. Car

540.0 1669.0 1534.0 121.0 soit une equation entre b, et entre a = y, ou la difference d'a,

583.0 1751.0 1406.0 126.0 & y, Scavoir a=y ∞ b ou ≠y ∞ b ≠ a ou y ∞ ≠b+a

564.0 1839.0 1470.0 98.0 Au reste j'avoue que Mr. Schoten s'est servi de deux caracteres

567.0 1920.0 1485.0 100.0 _ & _ equivalens aux miens ≠ & ≠, mais c'est peut estre

572.0 1975.0 1467.0 116.0 trois ou quatre fois, & d'une telle maniere, qu'on voit bien qu'il n'en

552.0 2041.0 1461.0 123.0 avoit pas assez reconnu l'application, ny les regles: aussy faut il

536.0 2106.0 1512.0 121.0 bien d'autres observations pour en tirer quelque advantage considerable

657.0 2168.0 1390.0 139.0 Mr Cavalieri, Mr Fermat, Mr Wallis, & autres supposent des

550.0 2264.0 1449.0 111.0 certaines lettres, ou lignes infinement petites ou egales a rien.

553.0 2321.0 1474.0 135.0 J'ay mis la mesme chose en usage, & j'ay adjousté des lettres qui

550.0 2398.0 1468.0 128.0 representent une grandeur infinie, ou des lignes egales à des

548.0 2468.0 1305.0 129.0 rectangles, comme sont les asymptotes de l'Hyperbole

556.0 2537.0 1378.0 158.0 Mais la methode mesme fera voir plus clairement par ses

1612.0 2695.0 313.0 142.0 preceptes, &

131.0 590.0 62.0 65.0 IV.

36.0 617.0 407.0 108.0 L'Algebre n'est qu'une

45.0 698.0 394.0 72.0 branche de la

47.0 747.0 427.0 86.0 Caracteristique.

152.0 1220.0 55.0 74.0 V.

38.0 1253.0 408.0 85.0 Exemple des fautes qui

36.0 1318.0 408.0 74.0 se font contre la

29.0 1382.0 364.0 72.0 Caracteristique.

49.0 1730.0 464.0 88.0 H Vous ne sçauriez mettre

68.0 1788.0 459.0 79.0 les _connues a. b d'un

43.0 1835.0 473.0 86.0 costé ny separer a de y

36.0 1893.0 482.0 65.0 mais en vous servant des

31.0 1949.0 507.0 71.0 caracteres dont j'expli

35.0 1993.0 489.0 67.0 queray l'usage dans la

29.0 2038.0 498.0 77.0 suite vous aurez ≠a ≠y

2182.0 63.0 1438.0 121.0 3me. Il est vray que dans l'exemple de ladite equation l'on n'en

2194.0 145.0 1192.0 109.0 ait pas besoin, car elle se peut exprimer ainsy.

3024.0 216.0 620.0 140.0 mais il esl vray aussy qu'on

2206.0 321.0 1010.0 130.0 en auroit besoin pour l'exprimer ainsy:

3058.0 419.0 572.0 134.0 ce qui revient au mesme,

2227.0 527.0 799.0 91.0 comme je viens dedire, ant. 14

2129.0 562.0 1533.0 130.0 19). Mais pour applanir toutes les rudesses de ce chemin qui ⟦ne fut⟧ n'a

2240.0 643.0 1373.0 123.0 pas eniole esté battu jusqu'à là, puisque l'esprit peut-estre

2224.0 710.0 1437.0 126.0 embarassé par cette fabrique de tant de signes nouveaux,

2232.0 767.0 1491.0 140.0 j'y apporteray un remede, afin qu'on n'ait besoin absolumens

2227.0 833.0 1354.0 156.0 qué de deux signes ≠ & ≠. pour cet effet posons le cas

2236.0 896.0 1388.0 159.0 qu'il y ait trois equations ambigües dans nostre calcul,

2232.0 1010.0 240.0 87.0 Sçavoir :

2240.0 1078.0 253.0 87.0 Equat. 1.

2372.0 1271.0 989.0 113.0 Leur expression pourra estre telle:

2208.0 1485.0 1412.0 104.0 par exemple (3≠2) K. veut dire que son signe est le 2me de

2210.0 1552.0 1461.0 109.0 la 3me equation ambigue ⟦ ⟧ L, estant tousjours marquée du signe

2208.0 1624.0 1437.0 106.0 opposé à celuy de K, Car le nombre devant le signe signifie

2205.0 1684.0 1419.0 121.0 l'equation, le nombre apres le signe signifie le nombre du

2201.0 1749.0 1387.0 121.0 signe ambigu de cette equation, mais un signe opposé

2194.0 1812.0 1391.0 108.0 a un autre n'entre point dans la ligne du conte, &

2194.0 1874.0 1435.0 118.0 n'est pas consideré comme nouveau. Cependant pour

2196.0 1937.0 1498.0 127.0 retrancher tout ce qui est superflu, il sera bon defaire

2182.0 2006.0 1445.0 126.0 en sorte que tousjours l'equation simple, (qui n'est que de

2199.0 2071.0 1375.0 132.0 deux cas possibles) occupe la premiere place, afin

2194.0 2145.0 1428.0 117.0 de ne donner point de parenthese a un signe simple

2201.0 2211.0 1389.0 120.0 de la première equation: item quand le nombre est

2208.0 2298.0 1409.0 114.0 une unité, il pourra estre omis, comme (3≠) au lieu

2206.0 2347.0 1401.0 155.0 de (3≠1)i. Enfin posons qu'il y ait encore une 4me

2187.0 2473.0 248.0 101.0 equation

3324.0 2442.0 557.0 108.0 dont l'ambiguité est une

2965.0 2568.0 1059.0 103.0 + p (3≠2) q) alors son expression ⟦pourra estre⟧

3309.0 2510.0 630.0 106.0 soubs distinction de la 3me;

2134.0 2624.0 375.0 227.0 pourra estre

3308.0 2650.0 322.0 117.0 ⟦pourra estre⟧:

165.0 2159.0 72.0 65.0 VI.

61.0 2203.0 477.0 86.0 Conjonction de la

44.0 2268.0 386.0 84.0 Caracteristique avec

50.0 2317.0 437.0 72.0 la methode des infinis

133.0 2535.0 132.0 90.0 VII.

52.0 2574.0 462.0 105.0 advantage de la Methode I

47.0 2655.0 457.0 73.0 de l'universalité pour

407.0 2713.0 157.0 88.0 abreger

3749.0 493.0 122.0 76.0 XIX

3699.0 548.0 417.0 72.0 Moyen d'exprimer tous

3719.0 597.0 376.0 67.0 les signes en cas de

3719.0 638.0 364.0 82.0 besoin par les deux

3731.0 685.0 408.0 76.0 simples, en adjoutant

3763.0 743.0 328.0 62.0 des nombres au

3754.0 764.0 396.0 98.0 parentheses redoublées
