4122 3103
182.0 13.0 181.0 73.0 XXXV.

55.0 72.0 455.0 96.0 Multiplication ou

43.0 131.0 481.0 81.0 division d'un signe

51.0 188.0 515.0 114.0 homogene ambigu par

63.0 258.0 245.0 71.0 un autre.

546.0 67.0 1476.0 105.0 35) Nous avons remarqué cy dessus que les signes homogenes

627.0 153.0 1412.0 88.0 ne se multiplient jamais sans condition en un seul signe

608.0 220.0 1396.0 86.0 en comprennant + & - sous le nom des homogenes

612.0 282.0 1413.0 109.0 mais les signes homogenes ambigus à part, c'est a dire

612.0 346.0 1386.0 134.0 les ≠ et ≠ ou ≠ et ≠ ou ≠ et ≠, et ≠ ou ≠

623.0 431.0 1370.0 124.0 etc. & les opposez ≠ et ≠ ou ≠ et ≠ ou ≠ et

729.0 514.0 1295.0 96.0 etc. ont cela de considerable, qu'ils se multiplient

615.0 586.0 1414.0 94.0 ny divisent jamais entre eux, sans restriction entiere de

612.0 643.0 1441.0 122.0 l'ambiguité: dont la regle convient avec celle de l'Algebre

605.0 715.0 1417.0 117.0 commune, çavoir que deux mesmes signes homogenes

608.0 774.0 1424.0 141.0 ambigus aussy bien que determinez multiplier ou diviser

599.0 830.0 1198.0 147.0 ensemble font +, et deux opposez font -.

596.0 941.0 347.0 101.0 Par consequent

509.0 1352.0 1502.0 132.0 36) Deux signes tout à fait Heterogenes affirmatifs

597.0 1429.0 1425.0 109.0 se multiplient et se divisent sans changement et il

581.0 1494.0 1448.0 111.0 n'y a point d'autre formalité à observer que de

574.0 1561.0 1479.0 119.0 les escrire l'un auprez de l'autre par exemple ≠ a

545.0 1716.0 1492.0 150.0 Deux signes heterogenes Negatifs c'est à dire qui portent

593.0 1806.0 1377.0 105.0 un ⎯, au bas du caractere, estant multipliez ou

568.0 1861.0 1482.0 132.0 divisez l'un par l'autre se changent en affirmatifs, &

579.0 1944.0 1476.0 142.0 le produit est le mesme que celluy de leur deux affirmatifs

584.0 2050.0 349.0 132.0 par exemple

593.0 2222.0 1444.0 131.0 si de deux signes heterogenes l'un est affirmatif, l'autre

556.0 2325.0 1416.0 90.0 negatif, vous avez le choix de faire ou laisser

568.0 2376.0 1423.0 125.0 affirnatif celuy de deux qui bon vous semblera;

574.0 2446.0 1409.0 129.0 pourveu que l'autre soit fait, ou demeure negatif, ⟦par exemple⟧

1439.0 2642.0 429.0 171.0 Par exemple

79.0 1341.0 229.0 82.0 XXXVI.

54.0 1386.0 367.0 111.0 Des deux signes

51.0 1463.0 476.0 80.0 heterogenes entre eux

49.0 1510.0 514.0 139.0 afirmatifs, ounegatifs.

2229.0 20.0 708.0 65.0 j'ay divisé les caracteres ambigus

2198.0 55.0 1289.0 81.0 de l'unite (qui se peut representer aussy par une ligne

2198.0 115.0 1282.0 95.0 ou lettre) qu'il y en a qui luy manquent. Mais on

2194.0 177.0 1243.0 109.0 peut aussy concevoir des lignes infiniment grandes, ou

2203.0 258.0 457.0 83.0 infiniment petites.

2115.0 310.0 1372.0 93.0 21. Et pour les infiniment petites soit une ligne courbe ABC.

2203.0 377.0 1275.0 85.0 & une droite DB (B) E qui coupe la courbe en deux points

2194.0 432.0 1243.0 95.0 B & (B) donc pour concevoir que le ligne DE est la

2198.0 487.0 1306.0 100.0 touchante, il faut seulement s'imaginer que la ligne

2196.0 549.0 1274.0 102.0 B (B) ou la distance des deux points ou elle coupe est

2198.0 602.0 1339.0 124.0 infiniment petite: et cela suffit pour trouver les tangentes

2205.0 667.0 1309.0 108.0 D'ailleurs on sçait bien que la Methode des indivisibles

2190.0 724.0 1324.0 111.0 n'a rien de solide, qu'autant qu'elle depend de celles des

2198.0 788.0 1316.0 114.0 Infinis, & il est manifeste que la Geometrie d'Archimede

2204.0 851.0 1290.0 114.0 dont ⟦le⟧ Guldin, Gregoire de S. Vincent et Cavalieri sont

2094.0 980.0 1430.0 110.0 22) Mais à fin qu'on voye l'usage que cette supposition peut

2192.0 915.0 1338.0 122.0 les restaurateurs se sert des grandeurs infiniment petites

2182.0 1026.0 1430.0 135.0 avoir icy; Reprenons l'exemple de la ligne AC determinée

2194.0 1096.0 1290.0 124.0 par deux autres AB. BC. on y voit bien que le point C

2203.0 1163.0 1320.0 110.0 qui est ambulatoire peut tomber dans le point B. puisque

2199.0 1222.0 1300.0 107.0 il peut tomber en deçà & en delà de toutes les manieres.

2189.0 1284.0 1296.0 108.0 & alors la ligne BC sera infiniment petite. Donc

2198.0 1342.0 1280.0 130.0 l'equation AC ∞ + AB ≠ BC demeurant tousjours

2208.0 1401.0 1298.0 131.0 veritable, il faut en cas de la coincidence des points

2196.0 1479.0 1295.0 127.0 B&C concevoir la ligne BC. infiniment petite, afin

2198.0 1556.0 1287.0 121.0 que l'equation ne contredise pas l'egalité entre AC

2198.0 1623.0 1277.0 132.0 & AB. Cela fait voir aussy qu'il n'importe

2190.0 1683.0 1339.0 152.0 point alors si le signe ≠ BC signifie + ou -. Puisque

2198.0 1760.0 1313.0 134.0 on peut placer ⟦ ⟧3C, non seulement directement sous B

2204.0 1844.0 1297.0 109.0 pour faire AC ∞ AB & BC egale a rien, mais

2203.0 1899.0 1263.0 119.0 on le peut aussy placer en deça entre A, & B en (3C)

2204.0 1984.0 1287.0 108.0 ou au dela de B. en ((3C)) pour verifier par l'une

2199.0 2051.0 1274.0 121.0 des positions l'Equation AC ∞ + AB- BE, &

2191.0 2127.0 1360.0 115.0 par l'autre l'Equation AC ∞ + AB + BC. pourveu

2196.0 2203.0 1348.0 119.0 que la ligne (3C) B ou ((3C.)) B soit conceüe infiniment

2204.0 2272.0 1355.0 100.0 petite. Voila comment cette observation peut servir

2196.0 2346.0 1329.0 89.0 à la methode de l'universalité pour appliquer une

2191.0 2401.0 1377.0 98.0 formule generale à un cas particulier. Car on ne sçauroit

2196.0 2465.0 1313.0 94.0 comprerdre le Cas de la coincidence des points B et C.

2196.0 2528.0 1360.0 94.0 dans l'equation generale AC. ∞ AB ≠ BC. qu'en supposant

2189.0 2592.0 1345.0 100.0 la ligne BC infiniment petite. Donc si nous nous servons de

3568.0 602.0 489.0 88.0 Lignes infiniment petites

3586.0 545.0 210.0 91.0 XXI

3545.0 651.0 504.0 106.0 qu'on appelle vulgairement

3542.0 716.0 246.0 98.0 indivisibles

3542.0 899.0 561.0 124.0 Leur usage en fait de la Methode

3620.0 899.0 195.0 74.0 XXII

3573.0 987.0 316.0 78.0 de l'Universalité
