4126 3101
214.0 173.0 212.0 88.0 XXIII

82.0 232.0 486.0 111.0 Leur Usage en fait de

98.0 310.0 556.0 103.0 la Methode de l'Universalité

98.0 375.0 406.0 115.0 Lignes infinies

672.0 37.0 1377.0 105.0 lettres, l'equation estant C ∞ a ≠ b. en ce cas b sera

654.0 118.0 890.0 78.0 d'une grandeur infiniment petite.

601.0 175.0 1493.0 93.0 23 A l'exemple des infiniment petites je ne voy rien qui nous

661.0 237.0 1399.0 88.0 empeche de concevoir des infinies ou infiniment grandes

661.0 302.0 1370.0 90.0 & quoyque je ne voye pas qu'on ⟦ ⟧ s'en soit servi dans le calcul

1646.0 286.0 202.0 62.0 ordinairement

623.0 368.0 1431.0 100.0 Analytique. Ces lignes pourtant ne sont pas entierement

644.0 437.0 1415.0 91.0 inconnues aux Geometres. Car il y a lonq demps qu'on

665.0 499.0 1415.0 98.0 a observé les admirables proprietez des lignes Asymptotes

653.0 566.0 1422.0 98.0 de l'Hyperbole, de la Conchoide, de la Cissoide, & de

660.0 639.0 1420.0 96.0 plasieurs autres, & les Geometres n'ignorent pas qu'on peut dire

658.0 716.0 1411.0 95.0 en quelque façon que l'Asymptote de l'Hyperbole, ou la

648.0 780.0 1440.0 88.0 touchante mené́e du centre à la courbe est une ligne infinie

646.0 834.0 1442.0 116.0 egale à un rectangle fini; Il y a d'autres Asymptotes dont

653.0 918.0 1347.0 91.0 on peut dire par la mesme raison qu'elles sont egales à des

651.0 981.0 1425.0 99.0 solides, & mesme à̀ des sursolides. Et pour ne pas prevenir

649.0 1057.0 1427.0 81.0 mal a propos l'exemple dont nous nous servirons pour

648.0 1114.0 1427.0 90.0 donner un essay de cette methode, on trouvera dans la

648.0 1180.0 1435.0 87.0 suite, que latus Transversum de la parabole doit estre

633.0 1240.0 1442.0 98.0 conceu d'une longueur infinie. Aussy a on remarqué

628.0 1297.0 1453.0 119.0 dans les Tables des sinus, que la tangente & secante sont d'une

637.0 1371.0 1446.0 100.0 longueur infinie, quand le sinus droit, & le sinus entier

641.0 1435.0 1446.0 94.0 sont egaux: Comme la Tangente et le sinus droit sont

644.0 1498.0 1410.0 112.0 infiniment petits quand le sinus entier est egal a la

630.0 1598.0 205.0 67.0 secante.

548.0 1615.0 1530.0 121.0 24 Outre cela une lettre ou ligne peut estre posée egale

633.0 1697.0 1455.0 101.0 a une autre & par ce moyen la generalité du Probleme

637.0 1767.0 1432.0 98.0 ou plustost de l'equation peut estre restreinte à un certain

635.0 1838.0 1450.0 86.0 cas plus particulier, & bien souvent plus aisé. Cela sert

635.0 1895.0 1443.0 112.0 quelquesfois à faire voir d'abord l'irreducibilité d'une

633.0 1963.0 1453.0 114.0 equition, comme Monsieur Hudde a remarqué: item

629.0 2039.0 1437.0 88.0 à examiner la verité du calcul dans un cas, ou elle est

620.0 2093.0 1458.0 111.0 connue d'ailleurs. On peut aussy poser qu'une lettre

632.0 2175.0 1444.0 73.0 soit en raison donnée à une autre, ou exprimer sa

625.0 2219.0 1466.0 104.0 valeur par une certaine equation : tout cela diminue

617.0 2281.0 1461.0 101.0 la generalite de probleme, & peut avoir bien souvent des

617.0 2346.0 1458.0 106.0 usages. mais leur consideration est un peu trop éloignée

618.0 2415.0 1462.0 98.0 de nostre sujet. Les lettres aussy peuvent servir a signifier

613.0 2480.0 1418.0 102.0 des Exponents des degrez des puissances pour en faire des

620.0 2535.0 1461.0 134.0 demonstrations universelles; mais les exemples dont nous nous

1732.0 2656.0 284.0 105.0 servirons

53.0 1624.0 188.0 83.0 XXIV.

37.0 1660.0 409.0 104.0 Ambiguité des lettres

36.0 1723.0 424.0 93.0 à l'égard même des

41.0 1784.0 291.0 98.0 lignes finies

2219.0 70.0 1267.0 90.0 d'une negation est tousjours une negation: mais la

2218.0 139.0 1266.0 88.0 negation d'une affirmation; est une negation, et

2219.0 203.0 1289.0 89.0 la negation d'une negation est une affirmation, d'ou

2218.0 272.0 1223.0 91.0 vient que dans l'Algebre ou Analyse commune

2926.0 351.0 326.0 93.0 par consequent

2916.0 408.0 315.0 80.0 dans la nostre

2907.0 465.0 309.0 81.0 de mesme

2133.0 544.0 1438.0 153.0 34) Mais à fin qu'on ne se sandalise pas de cette maniere

2202.0 643.0 1887.0 129.0 de parler: que les signes multiplient, & divisent, ou sont multipliez & divisez

2231.0 714.0 1296.0 95.0 je trouve a propos de la justifier d'autant plus

2231.0 771.0 1274.0 97.0 qu'on en peut tirer quelques observations utiles, je

2230.0 833.0 1294.0 105.0 dis donc, qu'adjouster est multiplier, ou diviser la

2223.0 904.0 1331.0 106.0 grandeur à adjouster, (:ou si vous voulez son signe:) par

2357.0 956.0 1179.0 129.0 + I. & soubstraire est multiplier ou diviser la

2212.0 1025.0 1316.0 137.0 dite grandeur ou son signe par, - I. or l'unité

2212.0 1093.0 1314.0 135.0 se peut obmettre impunement quand il y a quelque

2216.0 1161.0 1329.0 108.0 autre chose à la place, puisqu'elle n'apporte point de

2209.0 1218.0 1315.0 117.0 changement à la multiplication ou division; donc

2235.0 1276.0 1313.0 136.0 l'on peut dire que les signes multiplient ou divisent

2218.0 1364.0 739.0 103.0 & sont multipliez ou divisez.

2230.0 1402.0 1308.0 141.0 C'est pourquoy adjouster ≠ b à +c est multiplier

2512.0 1529.0 1040.0 117.0 , et en escrire le produit devant b, auprez

2223.0 1684.0 1323.0 128.0 regle de Multiplication que nous venons d'expliquer

2809.0 1836.0 276.0 90.0 soubstraire

3076.0 1762.0 439.0 150.0 les termes susdits fait

2216.0 1893.0 1353.0 110.0 Et l'on voit que la raison de l'addition et soubstraction

2202.0 1951.0 1331.0 116.0 depend en ce cas de la multiplication, et division

2197.0 2010.0 1342.0 132.0 Cette observation est conforme aussy aux regles de

2218.0 2079.0 1334.0 120.0 l'addition, ou soubstraction données cy dessus car en

2225.0 2160.0 1302.0 95.0 vertu de ces regles on pourra changer ≠ a + a; en a

2214.0 2227.0 1351.0 103.0 & ≠ a ≠ b, en ≠ 1, - a + b ou ≠ a + b. Tout cela

2206.0 2280.0 1342.0 137.0 est de grand usage pour la translation des signes d'une

2219.0 2348.0 1300.0 156.0 lettre ou grandeur à llautre dont il sera parlé

2237.0 2470.0 232.0 134.0 plus bas.

3646.0 756.0 242.0 72.0 XXXIV.

3574.0 792.0 507.0 86.0 Qu'on aurraison de dire

3586.0 852.0 486.0 86.0 que les signes mesmes

3585.0 907.0 525.0 85.0 multiplient ou divisent,

3559.0 963.0 507.0 88.0 & qu'ils sont multipliez

3559.0 1020.0 251.0 83.0 & divisez.
