7200 9452
3807 1260 914 273 epilogus earundem

2079 1680 4144 310 Thus loving readare as thou sees nou have made ane ende

2116 2016 4495 268 unto this uorke quhiche mqn did uryte but ^⎀ by the lorde is pennd

2126 2320 4716 305 quhair in as I have preast to makke the autoure knowin to all

2126 2678 4223 278 that into brittaine yle remaine quhaire he before uas thrall

2132 2940 4406 362 uithin the limites straite of france so dout I not thou uill

2142 3197 4238 452 excuse my blotting of his face & blame my layke of skill

2116 3413 3986 493 quich lettit me to imitat his harde & loftie ⟦face⟧ verse

2132 3702 4569 514 his arrovis headit blunt by me as earst could no uayes perce

2163 3975 2668 357 ⟦& by the contraire loave & lyt⟧

2174 4263 4159 473 but since both profitt may heiring & pleasoure reapit be

2153 4542 4616 604 thoch metqmorphosed all I graunt & quyte transformed by me

2179 4852 4606 656 yett aucht thou justlie loave & lyke my painfull traivellis bent

2168 5182 4076 583 it is sufficient unto me thou knou my ⟦d⟧ goode intent
