7200 9450
2095 1386 4490 325 so of thy nycht bouris ever more mott thou the honoure be

2027 1811 4616 341 the love of all thy subiectis treu & foes to feare for the

2063 2184 4638 362 so neuer mott the heaven against the shou his uraithfull face

2042 2598 4254 321 but the eternall be thy airme his spreit thy gyding trace:

1990 2919 4485 330 so uith my shearing suorde in hande & fichting at thy gyde

2027 3202 4474 341 mott I our cladd uith bloode & ⟦ ⟧stoure so boldlie by the byde

2016 3533 4406 352 or for to cleive the Spaignoll oist or force sum seagit to une

1995 3827 4396 362 the combat done for virgill serve to publish thy renoune :

2032 4260 4640 520 godd did not only (souveraigne prince) the quhole commande

5986 4273 536 252 bestou

2021 4683 4496 367 on oure fore father adam of this earth& all belou

2032 4969 4640 409 in makking subject to his yokke the skaillie suimming race

2027 5271 4521 404 quho uitch thaire litle finnis do cleve the frothie seas apace

2006 5570 4668 383 & those that have no other holde but horroure of desertis

1985 5922 4679 414 & those that bricole throuch the uaist of aire that fedderis pairts

2000 6221 4596 399 but choosid him als à duelling place quhiche hqppie uase & more

1979 6531 4643 483 uith climatt tempe^⎀ratt & faire, the quhi⟦a⟧che the dentie flore

2000 6788 4632 499 did paiment uith the aimelling faire of springing flouris most

2000 7077 4606 519 adorned uith pomones fruictis & als uith zephiris smellis reple

6464 6940 153 142 sue

1974 7392 4595 420 quhaire god him self did levvell uist the allees uith his lyne

1964 7701 4684 431 oure covure all the hillis uith trees uith harvest the valleis syne

1974 7959 4632 467 & uith the sounde of thousande brookis adiournid the sueitest

2142 8263 4307 415 maid caibinetis faire at proofe of sume quhiche out his

6412 8326 199 189 did
