7498 9449
1900 1118 4196 273 Reßaue heir belovit reader à schort poetike discourse quhiche I have

1932 1359 4064 278 selectid & translaited from amongst the rest of the uorkes of du

1906 1664 4184 288 bartase as à vive mirroure of this last & maist decreppit aage, heir

1921 1889 4122 326 sall thou see clearlie as in a glaße the miseries of this uaverin

1911 2141 4164 294 uorlde to uitt the cursed nature of mankynde & the heavie

1906 2414 4137 278 plaiguis of godd & specially heir may thou learne ⟦t⟧not to

1890 2666 4153 357 flatter thy ⟦t⟧self in claaking thy odiouse vyces with the delec

1874 2986 4111 252 tabill calloure of vertue ane erroure alaice ouir comoune

1885 3317 4079 263 in this hipocritikall aage not onlie in particulaire men

1885 3622 4111 283 ⟦vo⟧of all degrees bot even generallie in rankis, estaitis,

1874 3916 4132 341 & offices, bot that this treatise may seame the [s]leß obscure

1890 4204 4137 457 unto thee I have insert before ⎀ the authouris preface & exord

3817 4168 588 199 the same

1890 4467 4132 477 of the quhole uorke & that thairby thou may richtly conce¬

1863 4782 4143 435 the cumming in of this portion theirof, & inkayce thou find

1842 5013 4138 535 alzueill in this uorke as in my lepantho follouing many in¬

1848 5265 4085 509 correct errouris baith in the dytement & the ortograph

1819 5519 4229 528 I must praye thee to accept this my reasonable excuse quhiche

1816 5816 4148 457 is this, thou considderis I doubt not that upon the ane pairt

1816 6131 4154 430 I composid thir thingis in my verrie younge & tender

1811 6472 4012 462 years quhairin nature (⟦gif⟧ sche uaire à monster) can

3565 6409 572 236 except

1811 6771 4033 515 admitt no pe⎀rfection & nou on the other pairt being

1790 7039 4033 441 of ryper yeairis my burding is sa great & contineuall

1795 7301 4038 420 uithout any intermißion that quhen my ingyne & aage

1774 7506 3928 431 coulde my affaires & fascherie uill not permitt me

1785 7758 3980 394 farr leße to amende my auin errouris no not to remarke the

1769 7989 4138 452 urang  ortographie comittid be the coppiaris of my unlegibill

1748 8225 4138 483 & raggit hande/vritt yea/skaircelie bot at stollin mamontis

1963 8414 294 132 blink

1764 8472 4135 512 to ⟦ke.ke⟧upon any paier & yett not that uith à free & univexid

3113 624 972 252 The furies

5576 829 304 178 16
