1244 1618
360 83 400 59 Baptistère S^t- Jean

939 105 101 44 1890

76 169 371 42 Entrants des notes manuscrites

78 216 208 45 de Courajod.

239 292 912 43 Il faut bien remarquer qu'à Cravant & au Temple S^t-Jean

156 357 964 43 on a procédé de même par incrustations de pierres lancées dans

147 412 968 41 des creux, dans des rigoles, dans des excavations taillées dans des

143 469 1022 40 constructions antérieures. Il y a insertion. C'est une sorte de cloisonnage.

145 521 996 42 Cela rappelle les procédés de l'orfèvrerie mérovingienne. On insère la

135 572 1020 39 pierre taillée, la moulure de la pierre sculptée dans un appareil qu'on

137 622 1034 39 pouvait supposer préalablement construit & localement évidé. Le morceau

134 671 1033 42 de pierre s'y enchâsse comme une pierre précieuse dans une boîte de métal.

132 720 1040 39 Ce rapprochement est très curieux à signaler. Pour l'établir il me faudrait

132 765 1031 50 avoir des photographies de la façade latérale nord de Cravant et des moulages

141 817 1029 39 cimentés par le P. Camille de la Croix & qui sont au musée des Antiquaires

142 865 998 36 de l'ouest. Ceux surtout où l'on voit nettement l'insertion des moulures.

196 923 942 40 Attention à ce sujet: Les mérovingiens se sont servis souvent de

140 977 1003 42 chapiteaux, de colonnes, de frises et d'autres morceaux de décorations

137 1034 1014 44 architectoniques arrachés à des monuments antiques païens. Mais aussi

138 1086 1005 42 ils ont puisé dans des magasins, dans des ateliers de fabrication

136 1138 973 38 comme il y en eut beaucoup à l'époque gallo-romaine.-

181 1190 955 46 Il y avait au temps gallo-romain des fabriques de colonnes, de

132 1251 1020 37 sarcophages,de moulures de marbre qu'on expédiait par toute la gaule.

134 1306 972 45 Les mérovingiens ont dû y puiser._ Il existe au musée des

129 1362 1015 43 antiquaires de l'ouest des fragments de moulures en marbre tout

127 1416 805 47 préparés & qui semblent n'avoir jamais été employés.
