780 1121
92 73 90 76 1885

309 84 221 38 Abbé Amber

134 176 537 42 ...«C'est ainsi que Saint Hilaire

126 212 537 35 ne devait pas mourir tout entier.

120 243 575 37 Il maintint son esprit dans les amis

115 280 574 35 qui lui survécurent, et son nom doit

114 312 563 38 se rattacher, selon nous, à une créa¬

104 341 536 43 -tion empreinte des souvenirs de

106 379 238 39 son époque.»

104 406 587 44 «Nous parlons d'un des faits les plus

105 437 523 44 intéressants de notre histoire

106 472 592 38 monumentale, du baptistère de

114 500 571 43 Poitiers, dit Temple Saint-Jean, dont

110 535 569 47 la destination primitive n'est

108 570 553 48 plus douteuse...» «...Tout

117 609 577 44 indique à la fois dans ce monu¬

99 647 568 46 -ment et une église chrétienne,

123 682 542 49 et le IV^e siècle, qui est celui de

114 719 530 50 sa construction.» «...Il est

111 754 542 49 très probable que nous devons

110 792 585 53 attribuer ce monument à ⟦S⟧ saint

112 834 408 43 Hilaire lui-même...»

130 888 521 48 ( Histoire générale du Poitou.

134 926 503 44 Grand in 8° Fontenay-le-comte,

137 962 524 59 Impr. Gouraud, 1883. p 255-256)
