2500 3864
700 1090 1696 114 Le 15 Septembre 1840, vers dix heures du matin, la ville

425 1215 1991 100 de Montereau près de partir, fumant à gros tourbillons devant

412 1313 670 110 le quai Ste Bernard.

414 1397 1985 133 Des gens anivaient hais d'haleine des barriques des cables de

418 1502 1983 116 corbeilles de linge genaient la cisculation; les matelots ne

420 1603 1985 118 répondaient à personne, onse heurtait; Les colis montaient

420 1700 1994 120 entre les dense tambors et le Vapage v'aisorbait dans le bruis-

380 1787 2013 151 -sement de la vapeur qui s'échappant par des plaques de tôle

414 1910 1997 120 enveloppait sout d'une unce blanchatre, tandisque la cloche à

423 2024 1181 105 l'avant, tintait sans discontinuer.

502 2123 1927 115 Enfui le navire partit, et les denxberges, peuplées de magasins

423 2221 1986 116 de chantiers et d'uvines, filerent comme deuxlarges rubans

440 2314 1961 131 9uel'on déroule. fUnjenne bomne de dixlnit aus, à longs

440 2430 1974 107 cheveux et qui benait un abbune sons donbras, reslait aupre

435 2518 1964 115 du gouvernail, immobile. e Ravers le Crouillard, il conten-

418 2614 1968 125 plait des clochers, des édifices dont il ne savait pas les noms.

427 2706 1959 134 Puis il embrassa dans un dermer conp d'ocil, bile S^t Louis,

429 2820 1939 123 la Cité, Notre Dame, et bientot Paris disparaissant, il

446 2962 894 103 poussa un grand soupir.

698 3031 1681 126 En effet, Me Frederic Morean, nouvellement recu

448 3147 1923 120 bachelier, d'enretournait à Nogent SurSene ouil devait

438 3260 1935 116 lanquir encorependant deuse mois avant d'allex faire

451 3361 1915 118 son droit, La mère, avec la somme indispensable l'avait

453 3466 1933 136 envoge an Havre voir un oncle, dont elle espesait, pour lui,

2250 3582 84 140 2

1343 557 158 267 1

1295 64 109 125 1.
