2500 3727
789 608 1658 224 Le 15 septembre 1840, vers six heures du matin, la ville de Montereau

791 703 1648 249 près de partir, fumait à gros tourbillons devant le quai St Bernard.

2110 875 64 52 gev

2135 908 33 17 "

2195 871 230 83 vivaent

2317 782 114 77 e

811 1103 164 108 40tt

973 1084 137 81 Wallins

1035 933 1375 282 des barrique, ses câbles, des corbeilles de linge gênaient la

795 1020 1576 325 circulation, les matelots ne répondaient à personne, on se heurtait.

789 1102 1664 345 les colis montaient entre les deux tambours & le tapage s'absordait

789 1183 1648 369 dans le bruissement de la vapeur qui s'échappant par des plaques

818 1314 1628 334 tôle enveloppait tout d'une nuée blanchâtre, tandis que la cloche

807 1528 984 229 à l'avant, tintait sans discontinuer.

805 1503 1589 357 Enfin le navire partit & les deux berges peuplées de magasins,

2149 1745 29 50 2

811 1577 1623 373 chantiers & d'usines filèrent comme deux larges rubans que l'on

820 1667 1620 398 déroule. Un jeune homme de dix huit ans environ, à longs cheveux

817 1767 1605 413 et qui tenait un album sous son bras, restait auprès du gouver

836 2159 386 112 -nail, immobile

848 1984 1552 391 à travers le brouillard, il contemplait des clochers, des édifices

839 2080 1564 398 dont il ne savait pas les noms. Puis il embrassa dans un

2123 2314 194 100 soupir

861 2186 1495 413 dernier coup d'oeil, l'ile St Louis, la Cité, Notre-Dame, et

858 2351 1268 338 bientôt Paris disparaissant, il poussa un grand

982 2444 1381 354 En effet, Mr Frédéric Moreau, nouvellement reçu

851 2525 1565 391 bachelier s'en retournait à Nogent sur Seine, où il devait

848 2621 1552 419 languir encore pendant deux mois avant d'aller faire son droit

2344 2965 73 74 le

867 2742 1570 397 Sa mère, avec la somme indispensable l'avait envoyé au Hâvre

2116 3018 162 81 a gear

2116 3062 257 163 regagnant

883 2851 1557 385 voir un oncle, dont elle espérait, pr lui, l'héritage. Il en était

905 3049 1184 299 revenu la veille seulement, & il se dédom

911 3167 1144 302 ne pouvait séjourner dans la Capitale en

923 3251 1287 357 [....] sa province par la route la plus longue.
