2500 3670
181 1877 184 117 Doplane

1778 444 483 106 le paquebot à vapeur

591 499 1800 192 Le 1er septembre 1840, vers six heures du matin la ville de Montereaux

789 620 688 126 S'exprimant

364 642 367 226 près de partir

624 630 1208 186 fumait à gros tourbillons devant le quai St Bernard.

1080 721 241 89 un plu Sroit

1881 703 239 82 aatde lqu

633 642 1759 241 Comme il faisant de la brume quelques uns battaient les saell, en maugréant

639 709 1741 251 contre les lenteurs de la manoeuvre ; d'autres arrivaient essoufflés ou envoyaient

1217 859 193 73 gattgegag

654 767 1674 260 à leurs amis par dessus le bord, des adieux avec la main. des barriques, des

648 819 1751 297 câbles, des corbeilles de linge gênaient la circulation, Et les matelots  se répondaient

651 889 1714 312 à personne. ou se heurtait, peu à peu les colis montaient entre les deux

645 969 1665 330 tambours, & le tapage s'absorbait dans le sifflement de la vapeur qui

657 1012 1729 367 s'échappant à raz du pont, par des plaques de tôle, enveloppant tout

1171 1269 567 183 des gens debout que

654 1088 1693 386 d'une nuée blanchâtre, tandis que la cloche à ⟦l'arrière,⟧ tintait

2093 1360 64 83 ⟦          ⟧

826 1275 1536 345 C'étaient, pour la plupart des peintres ou des maçons allant

541 1376 1766 348 Dans les châteaux d'alentour, des négociants de Bercy qui serpentaient

673 1400 752 165 sans discontinuer.

2099 825 199 71 Ctair

703 1422 1653 379 en Bourgogne de petits rentrées avec leurs femmes & leurs enfants

924 1630 254 113 à leurs affaires

1750 1715 82 77 2

712 1483 1619 410 Mais les riches (ceux qui devaient s'asseoir aux Premières, s'étaient

716 1553 1624 431 la

721 1890 15 104 „

728 1627 1655 437 de se vitir sordsdement pour vogagtr;- Ei taus portauin, antan

737 1734 1628 434 par lcononiie que pr leur commodité personnelle, dles capeaur

1009 2067 196 141 Rapett

737 1801 1655 443 upelés on Epatee bonnets grels, de maigres habit noir, d'iguotle

970 2171 107 98 —

746 1880 1665 465 chantseret. La oli gyel gilet à chale oi des boutous manguaent

752 1981 1582 441 decouvrait eine chemite de Calieot blant Matulée per des tache de

673 2296 1726 487 Le plaisir ⟦    ⟧ nouveau d'une excursion maritime animait leurs visages

749 2064 1613 449 Caté. des sous pieds cousus à des pantalons de lasting rat en avant

764 2146 1583 453 les savattes en lisière - & les madras avec les camisoles apparaissaient

1422 2523 83 42 „

755 2226 1573 450 dam lenr simptiesté familiale a quotidienne. Cependant le

1998 2764 382 184 quel à l'arrière

786 2914 1567 416 un jeune homme de dix huit ans ⟦.    ⟧ à longs cheveux longs

780 3039 1594 383 ⟦pour tout⟧ tenait un album sans son trou ⟦gauche⟧, restait auprès

789 2526 1518 406 On était gai. 6'Emeurs gese hantaient 40 se versist des petits verses.

795 2810 1628 431 filles comme deux larges oubant que l'on déroute

789 2709 1597 431 bges, couvestes de Magarins de chantier & V'uiis en 1.

1349 2614 780 257 pane autde Sr

743 2419 1668 440 Un peu blêmes, naturellement ⟦ ⟧  Déjà les faiseurs plaisantaient

948 2624 1389 406 Eufin le navire pastit e les dur

1621 3000 211 116 environ

803 3278 1003 259 lu journal immobile, saus parler.

2108 2305 122 111 tous

1860 2373 450 165 ⟦commençant leurs⟧

1927 2422 300 119 commençaient

654 2786 395 140 ⟦ ⟧Un peu blêmes

1416 3318 92 70 ⟦   ⟧

1805 2893 107 46 ⟦ ⟧

1863 1122 230 73 l'avant

1936 1232 199 98 leurs enfants

2151 1324 254 104 ⟦       ⟧

2074 3348 242 190 et l'or

2047 3168 220 235 Le 1er

869 67 257 88 Ed. 37 - - - -
